@article{ameur2004,
  title={Computing the initial temperature of simulated annealing},
  author={Ben-Ameur, Walid},
  journal={Computational Optimization and Applications},
  volume={29},
  number={3},
  pages={369--385},
  year={2004},
  publisher={Springer}
}